@misc{intro:wiki,
	title = {Software verification and validation},
	date = {18/05/2016},
	url = {\\en.wikipedia.org/wiki/Software\_verification\_and\_validation},
}
@misc{vunit,
	title = {VUnit home page},
	date = {18/05/2016},
	url = {vunit.github.io},
}
@misc{vunit_doc,
	title = {VUnit home page},
	date = {18/05/2016},
	url = {vunit.github.io/documentation},
}
@misc{wavedrom,
title = {WaveDrom homepage},
date = {18/05/2016},
url = {wavedrom.com}
}
@misc{cocotb,
	title = {CoCotb documentation},
	date = {18/05/2016},
	url = {cocotb.readthedocs.io/}
}
@misc{svunit,
	title = {SVUnit home page},
	date = {18/05/2016},
	url = {http://www.agilesoc.com/open-source-projects/svunit/}
}
@misc{osvvm,
	title = {OSVVM home page},
	date = {18/05/2016},
	url = {http://osvvm.org/}
}
@misc{uvvm,
	title = {UVVM home page},
	date = {18/05/2016},
	url = {http://bitvis.no/products/uvvm-utility-library/}
}
@misc{uvvm,
	title = {waveJSON wiki},
	date = {18/05/2016},
	url = {https://github.com/drom/wavedrom/wiki/WaveJSON}
}
@misc{examples,
	title = {Online examples for this project},
	date = {18/05/2016},
	url = {\\https://github.com/WinandS/Thesis/tree/master/examples}
}
@misc{github,
	title = {Project source repository},
	date = {18/05/2016},
	url = {github.ugent.be/wseldesl/Thesis}
}
